@misc{physlist,
  author       = {Dragicevic, Pierre and Jansen, Yvonne},
  howpublished = {\href{http://www.dataphys.org/list}{www.dataphys.org/list}},
  title        = {List of Physical Visualizations},
  _year        = {2012}
}

@misc{wiki:datadash,
  author       = {Wikimedia Commons},
  howpublished = {\url{https://commons.wikimedia.org/w/index.php?title=File:Opsview_Monitor_6.0_Dashboard.jpg&oldid=565582284}},
  title        = {File:Opsview Monitor 6.0 Dashboard.jpg},
  year         = {2021}
}

@misc{wiki:wd1mini,
  author       = {Wikimedia Commons},
  title        = {File:WeMos D1 Mini front.jpg},
  year         = {2020},
  howpublished = {\url{https://commons.wikimedia.org/w/index.php?title=File:WeMos_D1_Mini_front.jpg&oldid=453133217}}
}

@misc{voltclock,
  author       = {Jordan, Ian},
  howpublished = {\url{https://hackaday.io/project/163977-esp8266-wifi-ntp-voltmeter-clock}},
  title        = {ESP8266 WIFI NTP VOLTMETER CLOCK},
  year         = {2019}
}

@misc{amperetime,
  author       = {MÃ¶ller, Michael},
  howpublished = {\url{https://hackaday.io/project/169072-ampere-time}},
  title        = {Ampere Time},
  year         = {2019}
}

@misc{wiki:switch,
  author       = {Wikimedia Commons},
  howpublished = {\url{https://commons.wikimedia.org/w/index.php?title=File:On-Off_Switch.jpg&oldid=455595059}},
  title        = {File:On-Off Switch.jpg},
  year         = {2020}
}