@techreport{waitzman1990standard,
  title  = {Standard for the transmission of IP datagrams on avian carriers},
  author = {Waitzman, David},
  year   = {1990}
}

@misc{trenitaliashock,
  author       = {Alberto Giunta},
  title        = {+++TRENITALIA SHOCK+++ NON crederete MAI a queste API *painful*},
  howpublished = {\url{https://medium.com/@albigiu/trenitalia-shock-non-crederete-mai-a-queste-api-painful-14433096502c}},
  year         = {2018}
}

@misc{arduinomap,
  title        = {map() - Arduino Reference},
  howpublished = {\url{https://www.arduino.cc/reference/en/language/functions/math/map/}},
  note = {Visitata: 04/05/2021}
}